@misc{halib,
	note = {the avr-halib is available at \url{https://ivs-pm.ovgu.de/projects/halib}}
}

@misc{at90canX,
	note = {at90can documentation is available at \url{http://www.atmel.com/dyn/resources/prod_documents/doc4250.pdf}}
}

@Article{famouso,
	title = "FAMOUSO -- Eine adaptierbare Publish/Subscribe Middleware für ressourcenbeschränkte Systeme",
	booktitle = "Electronic Communications of the EASST",
	author = "M. Schulze",
	volume = "17: Kommunikation in Verteilten Systemen",
	year = "2009",
	location = "Berlin",
	issn = "1863-2122",
	journal = "Electronic Communications of the EASST"
}
