@manual{at90can128_doku,
AUTHOR={{Atmel Corporation}},
TITLE={8-bit AVR Microcontroller with 32K/64K/128K Bytes of ISP Flash and CAN Controller},
URL={http://www.atmel.com/dyn/resources/prod_documents/doc7679.pdf},
EDITION={Rev. 7679A-CAN-10/06}
}

%%  author = 	     {Wikipedia},
%  title = 	     {Radar},
%  howpublished = {Online encyclopedia:
%                  \url{http://de.wikipedia.org/wiki/Radar}},
%  year = 	       {2006},
%  note = 	       {revision 15:30, October 19th}
%}

@misc{avr-gcc,
author={{Free Software Foundation}},
title={GCC, the GNU Compiler Collection},
howpublished = {Website:
                \url{http://gcc.gnu.org/}},
year={2006},
note={revision 2006-09-21}
}

@misc{avr-libc,
author={{Free Software Foundation}},
title={AVR C Runtime Library},
howpublished = {Website:
                \url{http://www.nongnu.org/avr-libc/}},
year={2006},
note={revision 2006/10/09 21:03:34}
}

@misc{avrdude,
author={{Free Software Foundation}},
title={AVR Downloader/UploaDEr},
howpublished = {Website:
                \url{http://www.nongnu.org/avrdude/}},
year={2006},
note={revision Fri Sep 23 23:21:06 MET DST 2005}
}

@manual{slim_bl,
AUTHOR={{Atmel Corporation}},
TITLE={\dq Slim\dq\/ CAN Boot Loader},
URL={http://www.atmel.com/dyn/resources/prod_documents/at90can_lib_3-1.zip},
EDITION={Rev. 1.0.0}
}

@manual{iar_bl,
AUTHOR={{Atmel Corporation}},
TITLE={AVR914: CAN \& UART based Bootloader for AT90CAN32, AT90CAN64, \& AT90CAN128},
URL={http://www.atmel.com/dyn/resources/prod_documents/doc7592.pdf},
EDITION={Rev. 7592B-AVR-01/06}
}

@book{etschberger,
AUTHOR={Konrad Etschberger},
TITLE={CAN Controller-Area-Network},
PUBLISHER={Carl Hanser Verlag München Wien},
EDITION={1. Auflage},
YEAR={1994},
}

@misc{iar_compiler,
AUTHOR={{IAR Systems}},
title={IAR Embedded Workbench--C/C++ compiler and debugger tools},
howpublished = {Website:
                \url{http://www.iar.com}},
year={2006},
note={revision 20:00, October 20th}
}

%% bosch stimmt nicht mehr, konnte das ausgedruckte dokument nicht finden
%% im netz
@misc{bosch,
AUTHOR={{CAN in Automation (CiA)}},
title={CAN physical layer},
howpublished = {Website:
                \url{http://www.can-cia.org/can/physical-layer/#media}},
year={2006},
note={revision 2004-05-26}
}
